@misc{planck,
   author = {N. Aghanim and Y. Akrami and
                  M. Ashdown and J. Aumont and C. Baccigalupi and
                  M. Ballardini and A. J. Banday and R. B. Barreiro
                  and N. Bartolo and S. Basak and R. Battye and
                  K. Benabed and J. -P. Bernard and M. Bersanelli and
                  P. Bielewicz and J. J. Bock and J. R. Bond and
                  J. Borrill and F. R. Bouchet and F. Boulanger and
                  M. Bucher and C. Burigana and R. C. Butler and
                  E. Calabrese and J. -F. Cardoso and J. Carron and
                  A. Challinor and H. C. Chiang and J. Chluba and
                  L. P. L. Colombo and C. Combet and D. Contreras and
                  B. P. Crill and F. Cuttaia and P. de Bernardis and
                  G. de Zotti and J. Delabrouille and J. -M. Delouis
                  and E. Di Valentino and J. M. Diego and O. Doré and
                  M. Douspis and A. Ducout and X. Dupac and S. Dusini
                  and G. Efstathiou and F. Elsner and T. A. Enßlin and
                  H. K. Eriksen and Y. Fantaye and M. Farhang and
                  J. Fergusson and R. Fernandez-Cobos and F. Finelli
                  and F. Forastieri and M. Frailis and A. A. Fraisse
                  and E. Franceschi and A. Frolov and S. Galeotta and
                  S. Galli and K. Ganga and R. T. Génova-Santos and
                  M. Gerbino and T. Ghosh and J. González-Nuevo and
                  K. M. Górski and S. Gratton and A. Gruppuso and
                  J. E. Gudmundsson and J. Hamann and W. Handley and
                  F. K. Hansen and D. Herranz and S. R. Hildebrandt
                  and E. Hivon and Z. Huang and A. H. Jaffe and
                  W. C. Jones and A. Karakci and E. Keihänen and
                  R. Keskitalo and K. Kiiveri and J. Kim and
                  T. S. Kisner and L. Knox and N. Krachmalnicoff and
                  M. Kunz and H. Kurki-Suonio and G. Lagache and
                  J. -M. Lamarre and A. Lasenby and M. Lattanzi and
                  C. R. Lawrence and M. Le Jeune and P. Lemos and
                  J. Lesgourgues and F. Levrier and A. Lewis and
                  M. Liguori and P. B. Lilje and M. Lilley and
                  V. Lindholm and M. López-Caniego and P. M. Lubin and
                  Y. -Z. Ma and J. F. Macías-Pérez and G. Maggio and
                  D. Maino and N. Mandolesi and A. Mangilli and
                  A. Marcos-Caballero and M. Maris and P. G. Martin
                  and M. Martinelli and E. Martínez-González and
                  S. Matarrese and N. Mauri and J. D. McEwen and
                  P. R. Meinhold and A. Melchiorri and A. Mennella and
                  M. Migliaccio and M. Millea and S. Mitra and
                  M. -A. Miville-Deschênes and D. Molinari and
                  L. Montier and G. Morgante and A. Moss and P. Natoli
                  and H. U. Nørgaard-Nielsen and L. Pagano and
                  D. Paoletti and B. Partridge and G. Patanchon and
                  H. V. Peiris and F. Perrotta and V. Pettorino and
                  F. Piacentini and L. Polastri and G. Polenta and
                  J. -L. Puget and J. P. Rachen and M. Reinecke and
                  M. Remazeilles and A. Renzi and G. Rocha and
                  C. Rosset and G. Roudier and J. A. Rubiño-Martín and
                  B. Ruiz-Granados and L. Salvati and M. Sandri and
                  M. Savelainen and D. Scott and E. P. S. Shellard and
                  C. Sirignano and G. Sirri and L. D. Spencer and
                  R. Sunyaev and A. -S. Suur-Uski and J. A. Tauber and
                  D. Tavagnacco and M. Tenti and L. Toffolatti and
                  M. Tomasi and T. Trombetti and L. Valenziano and
                  J. Valiviita and B. Van Tent and L. Vibert and
                  P. Vielva and F. Villa and N. Vittorio and
                  B. D. Wandelt and I. K. Wehus and M. White and
                  S. D. M. White and A. Zacchei and A. Zonca},
title = {Planck 2018 results. VI. Cosmological parameters},
year = 2018,
eprint = {arXiv:1807.06209},
}

@article{skilling2006,
author = "Skilling, John",
doi = "10.1214/06-BA127",
fjournal = "Bayesian Analysis",
journal = "Bayesian Anal.",
month = "12",
number = "4",
pages = "833--859",
publisher = "International Society for Bayesian Analysis",
title = "Nested sampling for general Bayesian computation",
url = "https://doi.org/10.1214/06-BA127",
volume = "1",
year = "2006"
}

@article{multinest,
    author = {Feroz, F. and Hobson, M. P. and Bridges, M.},
    title = "{MultiNest: an efficient and robust Bayesian inference tool for cosmology and particle physics}",
    journal = {Monthly Notices of the Royal Astronomical Society},
    volume = {398},
    number = {4},
    pages = {1601-1614},
    year = {2009},
    month = {09},
    abstract = "{We present further development and the first public release of our multimodal nested sampling algorithm, called MultiNest. This Bayesian inference tool calculates the evidence, with an associated error estimate, and produces posterior samples from distributions that may contain multiple modes and pronounced (curving) degeneracies in high dimensions. The developments presented here lead to further substantial improvements in sampling efficiency and robustness, as compared to the original algorithm presented in Feroz \\&amp; Hobson, which itself significantly outperformed existing Markov chain Monte Carlo techniques in a wide range of astrophysical inference problems. The accuracy and economy of the MultiNest algorithm are demonstrated by application to two toy problems and to a cosmological inference problem focusing on the extension of the vanilla Λ cold dark matter model to include spatial curvature and a varying equation of state for dark energy. The MultiNest software, which is fully parallelized using MPI and includes an interface to CosmoMC, is available at http://www.mrao.cam.ac.uk/software/multinest/. It will also be released as part of the SuperBayeS package, for the analysis of supersymmetric theories of particle physics, at http://www.superbayes.org.}",
    issn = {0035-8711},
    doi = {10.1111/j.1365-2966.2009.14548.x},
    url = {https://doi.org/10.1111/j.1365-2966.2009.14548.x},
    eprint = {https://academic.oup.com/mnras/article-pdf/398/4/1601/3039078/mnras0398-1601.pdf},
}


@article{polychord,
    author = {Handley, W. J. and Hobson, M. P. and Lasenby, A. N.},
    title = "{polychord: next-generation nested sampling}",
    journal = {Monthly Notices of the Royal Astronomical Society},
    volume = {453},
    number = {4},
    pages = {4384-4398},
    year = {2015},
    month = {09},
    abstract = "{polychord is a novel nested sampling algorithm tailored for high-dimensional parameter spaces. This paper coincides with the release of polychord v1.6, and provides an extensive account of the algorithm. polychord utilizes slice sampling at each iteration to sample within the hard likelihood constraint of nested sampling. It can identify and evolve separate modes of a posterior semi-independently, and is parallelized using openmpi. It is capable of exploiting a hierarchy of parameter speeds such as those present in cosmomc and camb, and is now in use in the cosmochord and modechord codes. polychord is available for download from http://ccpforge.cse.rl.ac.uk/gf/project/polychord/.}",
    issn = {0035-8711},
    doi = {10.1093/mnras/stv1911},
    eprint = {http://oup.prod.sis.lan/mnras/article-pdf/453/4/4384/8034904/stv1911.pdf},
}


@misc{chen-ferroz-hobson,
Author = {Xi Chen and Farhan Feroz and Michael Hobson},
Title = {Bayesian automated posterior repartitioning for nested sampling},
Year = {2019},
Eprint = {arXiv:1908.04655},
}

@inproceedings{Feroz2009MultiNestAE,
  title={MultiNest: an efficient and robust Bayesian inference tool for cosmology and particle physics},
  author={Farhan Feroz and Michael P. Hobson and Michael Bridges},
  year={2009}
}

@article{Higson2018DynamicNS,
  title={Dynamic nested sampling: an improved algorithm for parameter estimation and evidence calculation},
  author={Edward Higson and Will Handley and Mike Hobson and Anthony N. Lasenby},
  journal={Statistics and Computing},
  year={2018},
  pages={1-23}
}

@Article{Metropolis,
author="Arminger, Gerhard
and Muth{\'e}n, Bengt O.",
title="A Bayesian approach to nonlinear latent variable models using the Gibbs sampler and the metropolis-hastings algorithm",
journal="Psychometrika",
year="1998",
month="Sep",
day="01",
volume="63",
number="3",
pages="271--300",
abstract="Nonlinear latent variable models are specified that include quadratic forms and interactions of latent regressor variables as special cases. To estimate the parameters, the models are put in a Bayesian framework with conjugate priors for the parameters. The posterior distributions of the parameters and the latent variables are estimated using Markov chain Monte Carlo methods such as the Gibbs sampler and the Metropolis-Hastings algorithm. The proposed estimation methods are illustrated by two simulation studies and by the estimation of a non-linear model for the dependence of performance on task complexity and goal specificity using empirical data.",
issn="1860-0980",
doi="10.1007/BF02294856",
}


@article{Metropolis-hastings-gibbs,
  doi = {10.1016/s0167-9473(01)00009-3},
  year = {2001},
  month = aug,
  publisher = {Elsevier {BV}},
  volume = {37},
  number = {2},
  pages = {151--170},
  author = {John Geweke and Hisashi Tanizaki},
  title = {Bayesian estimation of state-space models using the Metropolis{\textendash}Hastings algorithm within Gibbs sampling},
  journal = {Computational Statistics {\&} Data Analysis}
}

@article{Condon2018,
  doi = {10.1088/1538-3873/aac1b2},
  url = {https://doi.org/10.1088/1538-3873/aac1b2},
  year = {2018},
  month = jun,
  publisher = {{IOP} Publishing},
  volume = {130},
  number = {989},
  pages = {073001},
  author = {J. J. Condon and A. M. Matthews},
  title = {$Lambda${CDM} Cosmology for Astronomers},
  journal = {Publications of the Astronomical Society of the Pacific}
}

@Book{jeffreys2010scientific,
 author = {Jeffreys, Harold},
 title = {Scientific inference},
 publisher = {Cambridge University Press},
 year = {2010},
 address = {Cambridge},
 isbn = {978-0-521-18078-8}
 }

@article{me-ising,
author = {Aleksandr Petrosyan},
title = {Simulation of Ferromagnetic behaviour using the Metropolis-Hastings algorithm within the Ising model.},
publisher = {Unpublished},
year = {2018},
journal = {NSTP Part III Furter Work}
}
@article{Pearson1900,
  doi = {10.1080/14786440009463897},
  url = {https://doi.org/10.1080/14786440009463897},
  year = {1900},
  month = jul,
  publisher = {Informa {UK} Limited},
  volume = {50},
  number = {302},
  pages = {157--175},
  author = {Karl Pearson},
  title = {X. On the criterion that a given system of deviations from the probable in the case of a correlated system of variables is such that it can be reasonably supposed to have arisen from random sampling},
  journal = {The London,  Edinburgh,  and Dublin Philosophical Magazine and Journal of Science}
}
@article{Wolpert2004,
  doi = {10.1214/088342304000000053},
  url = {https://doi.org/10.1214/088342304000000053},
  year = {2004},
  month = feb,
  publisher = {Institute of Mathematical Statistics},
  volume = {19},
  number = {1},
  pages = {205--218},
  author = {Robert L. Wolpert},
  title = {A Conversation with James O. Berger},
  journal = {Statistical Science}
}

@article{1763,
  doi = {10.1098/rstl.1763.0053},
  url = {https://doi.org/10.1098/rstl.1763.0053},
  year = {1763},
  month = dec,
  author = {Thomas Bayes},
  publisher = {The Royal Society},
  volume = {53},
  pages = {370--418},
  title = {{LII}. An essay towards solving a problem in the doctrine of chances. By the late Rev. Mr. Bayes,  F. R. S. communicated by Mr. Price,  in a letter to John Canton,  A. M. F. R. S},
  journal = {Philosophical Transactions of the Royal Society of London}
}

@article{cobaya,
url = {https://github.com/CobayaSampler/cobaya},
author = {Jesus Torrado and Antony Lewis},
year={2019}
}


@article{Gieres_2000,
	doi = {10.1088/0034-4885/63/12/201},
	year = 2000,
	month = {nov},
	publisher = {{IOP} Publishing},
	volume = {63},
	number = {12},
	pages = {1893--1931},
	author = {Fran{\c{c}}ois Gieres},
	title = {Mathematical surprises and Dirac{\textquotesingle}s formalism in quantum mechanics},
	journal = {Reports on Progress in Physics}
}

@Book{taboga2017lectures,
 author = {Taboga, Marco},
 title = {Lectures on probability theory and mathematical statistics},
 publisher = {CreateSpace Independent Publishing Platform},
 year = {2017},
 address = {North Charleston, South Carolina},
 isbn = {1981369198}
 }