@ARTICLE{2019PhRvD.100d3504H,
       author = {{Handley}, Will and {Lemos}, Pablo},
        title = "{Quantifying tensions in cosmological parameters: Interpreting the DES evidence ratio}",
      journal = {\prd},
     keywords = {Astrophysics - Cosmology and Nongalactic Astrophysics, Astrophysics - Instrumentation and Methods for Astrophysics},
         year = 2019,
        month = aug,
       volume = {100},
       number = {4},
          eid = {043504},
        pages = {043504},
          doi = {10.1103/PhysRevD.100.043504},
archivePrefix = {arXiv},
       eprint = {1902.04029},
 primaryClass = {astro-ph.CO},
       adsurl = {https://ui.adsabs.harvard.edu/abs/2019PhRvD.100d3504H},
      adsnote = {Provided by the SAO/NASA Astrophysics Data System}
}

@ARTICLE{2019PhRvD.100b3512H,
       author = {{Handley}, Will and {Lemos}, Pablo},
        title = "{Quantifying dimensionality: Bayesian cosmological model complexities}",
      journal = {\prd},
     keywords = {Astrophysics - Cosmology and Nongalactic Astrophysics, Astrophysics - Instrumentation and Methods for Astrophysics},
         year = 2019,
        month = jul,
       volume = {100},
       number = {2},
          eid = {023512},
        pages = {023512},
          doi = {10.1103/PhysRevD.100.023512},
archivePrefix = {arXiv},
       eprint = {1903.06682},
 primaryClass = {astro-ph.CO},
       adsurl = {https://ui.adsabs.harvard.edu/abs/2019PhRvD.100b3512H},
      adsnote = {Provided by the SAO/NASA Astrophysics Data System}
}


@ARTICLE{2019arXiv190804655C,
       author = {{Chen}, Xi and {Feroz}, Farhan and {Hobson}, Michael},
        title = "{Bayesian automated posterior repartitioning for nested sampling}",
      journal = {arXiv e-prints},
     keywords = {Statistics - Computation, Astrophysics - Instrumentation and Methods for Astrophysics, Computer Science - Neural and Evolutionary Computing},
         year = 2019,
        month = aug,
          eid = {arXiv:1908.04655},
        pages = {arXiv:1908.04655},
archivePrefix = {arXiv},
       eprint = {1908.04655},
 primaryClass = {stat.CO},
       adsurl = {https://ui.adsabs.harvard.edu/abs/2019arXiv190804655C},
      adsnote = {Provided by the SAO/NASA Astrophysics Data System}
}


